@article{author2023example,
  title={Example Title of the Article},
  author={First Author and Second Author},
  journal={Journal Name},
  volume={10},
  number={1},
  pages={1--10},
  year={2023},
  publisher={Publisher}
}

@book{author2020book,
  title={Title of the Book},
  author={First Author},
  year={2020},
  publisher={Publisher Name},
  address={Publisher Address}
}
